01REMESSA01COBRANCA       00000000000000000000TRANSPORTES SCHMOELLER LTDA   274BMP MONEY PLUS 270426        MX0000001                                                                                                                                                                                                                                                         DESC00000000109594052       000001
1021244025400010000000010000101594052                         000200020000000000110000000000                0100005164220805260000001639318           210426000000000000000000000000000000000000000000000000000000000000000226904886000272INNOVA BRAZIL IMPORTACAO E COMERCIO LTDARODOVIA  ANTONIO HEIL  ARMZ COMP MU 3000            88316000ITAJAI         SC                                           000002
1021244025400010000000010000101594052                         0002000200000000002P0000000000                0100005164311105260000002046786           210426000000000000000000000000000000000000000000000000000000000000000226904886000272INNOVA BRAZIL IMPORTACAO E COMERCIO LTDARODOVIA  ANTONIO HEIL, ARMZ COMP MU,3000            88316000ITAJAI         SC                                           000003
1021244025400010000000010000101594052                         000200020000000000380000000000                0100005165460805260000005001885           210426000000000000000000000000000000000000000000000000000000000000000203080418000144BECKHAUSER IND COM MALHAS LTDA          RUA CANDIDO DARELLA,1700                            88704180TUBARAO        SC                                           000004
1021244025400010000000010000101594052                         000200020000000000460000000000                0100005165541805260000000757585           210426000000000000000000000000000000000000000000000000000000000000000203080418000144BECKHAUSER IND COM MALHAS LTDA          RUA CANDIDO DARELLA,1700                            88704180TUBARAO        SC                                           000005
1021244025400010000000010000101594052                         000200020000000000540000000000                0100005165620805260000006676432           210426000000000000000000000000000000000000000000000000000000000000000202547584000145MAR INDUSTRIA TEXTIL E TINTURARIA       RODOVIA PAULINO BURIGO KM17,0                       88828000ICARA          SC                                           000006
1021244025400010000000010000101594052                         000200020000000000620000000000                0100005165710705260000000252000           2104260000000000000000000000000000000000000000000000000000000000000002057036100001751 - ALLEGORIA COMERCIAL LTDA            R LIMOEIRO - LOJA  B,,171                           30421176BELO HORIZONTE MG                                           000007
1021244025400010000000010000101594052                         000200020000000000700000000000                0100005165890705260000001755846           2104260000000000000000000000000000000000000000000000000000000000000002640590300001561100 - LJ TECIDOS E MALHARIAS LTDA      AV.PRESIDENTE CASTELO BRANCO,3833                   60337215FORTALEZA      CE                                           000008
1021244025400010000000010000101594052                         000200020000000000890000000000                0100005165970705260000000517235           210426000000000000000000000000000000000000000000000000000000000000000207573578000186A VELOZ TEXTIL                          AVEN,690-QUADRA Q H LOTE L 01 ROD PE 160            55192460SANTA CRUZ DO CPE                                           000009
1021244025400010000000010000101594052                         000200020000000000970000000000                0100005166010705260000000162203           210426000000000000000000000000000000000000000000000000000000000000000207573578000690A VELOZ TEXTIL INDUSTRIA COMERCIO E IMPORUA BRUSQUE,1400                                    88360000GUABIRUBA      SC                                           000010
1021244025400010000000010000101594052                         000200020000000001000000000000                0100005166270705260000000777630           210426000000000000000000000000000000000000000000000000000000000000000234012095000185AQUA BLUE COMERCIO IMPORTACAO E EXPORTACEST MUNICIPAL VEREADOR LAMAR,1139-SALA 2            37646028EXTREMA        MG                                           000011
1021244025400010000000010000101594052                         000200020000000001190000000000                0100005166350705260000000200817           210426000000000000000000000000000000000000000000000000000000000000000204917296000160AVIL TEXTIL LTDA                        AV.SAO JOSE DOS SANTOS,240-A                        55032640CARUARU        PE                                           000012
1021244025400010000000010000101594052                         000200020000000001270000000000                0100005166510705260000000037699           210426000000000000000000000000000000000000000000000000000000000000000206078921000153BC IND. E COM. E REPR. DE MALHAS LTDA.  ROD. DEPUTADO ANTONIO HEIL SC 486,5305              88352502BRUSQUE        SC                                           000013
1021244025400010000000010000101594052                         000200020000000001350000000000                0100005166600705260000000381929           210426000000000000000000000000000000000000000000000000000000000000000251417894000150CAT - TECIDOS E MALHAS LTDA             RUA FRANCISCO DE CASTRO,182-                        55024170CARUARU        PE                                           000014
1021244025400010000000010000101594052                         000200020000000001430000000000                0100005166780705260000000310142           210426000000000000000000000000000000000000000000000000000000000000000235707538000115CHEIRO DE PANO COM VAREGISTA E ATACADISTRUA DOUTOR SILVIO MONTEIRO,36 40-TERREO             55192280SANTA CRUZ DO CPE                                           000015
1021244025400010000000010000101594052                         000200020000000001510000000000                0100005166860705260000000126000           210426000000000000000000000000000000000000000000000000000000000000000262789443000160CIDRACK INDUSTRIA DE CONFECCAO LTDA     AVENIDA PORTO VELHO,123                             60525571FORTALEZA      CE                                           000016
1021244025400010000000010000101594052                         0002000200000000016P0000000000                0100005166940705260000001351681           210426000000000000000000000000000000000000000000000000000000000000000281616062000124CMJ TEXTIL LTDA LATINA                  R. SAO LEOPOLDO,737-GALPAO                          88351700BRUSQUE        SC                                           000017
1021244025400010000000010000101594052                         000200020000000001780000000000                0100005167080705260000003090903           210426000000000000000000000000000000000000000000000000000000000000000201581753000109COMERCIAL ROCHA DISTRIB.ELAST E TEC.-MG RUA VICENTE CASCELLI,600                            36884227MURIAE         MG                                           000018
1021244025400010000000010000101594052                         000200020000000001860000000000                0100005167320705260000000166524           210426000000000000000000000000000000000000000000000000000000000000000272020118000192DIKLATEX INDUSTRIAL TEXTIL SA           R. DOROTHOVIO DO NASCIMENTO,2500                    89223600JOINVILLE      SC                                           000019
1021244025400010000000010000101594052                         000200020000000001940000000000                0100005167410705260000001296855           210426000000000000000000000000000000000000000000000000000000000000000282698085000511ELIAN INDUSTRIA TEXTIL LTDA             R,1800-GALPAO 6 750M DO GALPAO GALPAO 01            89257000JARAGUA DO SUL SC                                           000020
1021244025400010000000010000101594052                         000200020000000002080000000000                0100005167590705260000000035000           210426000000000000000000000000000000000000000000000000000000000000000229037742000173ELISATEX MALHAS LTDA                    RUA PADRE ITAMAR LUIS COSTA,118                     88708070TUBARAO        SC                                           000021
1021244025400010000000010000101594052                         000200020000000002160000000000                0100005168050705260000000938280           210426000000000000000000000000000000000000000000000000000000000000000251362588000164FIO EXPRESSO DISTRIBUIDORA LTDA         R DOS PACAS,224-GALPAO 01                           55192310SANTA CRUZ DO CPE                                           000022
1021244025400010000000010000101594052                         000200020000000002240000000000                0100005168130705260000000950000           210426000000000000000000000000000000000000000000000000000000000000000282638966000709FLAMINGO LTDA - LOJA 07 BALNEARIO       AVENIDA BRASIL,741                                  88330048BALNEARIO CAMBOSC                                           000023
1021244025400010000000010000101594052                         000200020000000002320000000000                0100005168210705260000000178972           210426000000000000000000000000000000000000000000000000000000000000000220056157000146FN INDUSTRIA E COMERCIO DE MALHAS EIRELIR THEOBALDO JOSE SCHLINDWEIN,93                     88360000GUABIRUBA      SC                                           000024
1021244025400010000000010000101594052                         000200020000000002400000000000                0100005168300705260000000061063           210426000000000000000000000000000000000000000000000000000000000000000224997104000180G SILVA FREITAS CONFECCOES ME           ROD ROD BR 116,2000-KM 19                           61760001EUSEBIO        CE                                           000025
1021244025400010000000010000101594052                         000200020000000002590000000000                0100005168480705260000000244885           210426000000000000000000000000000000000000000000000000000000000000000218060622000251GHEYSEANDERSON BARROS GOMES EIRELI - ME AVENIDA JATOBA,115                                  55192110SANTA CRUZ DO CPE                                           000026
1021244025400010000000010000101594052                         000200020000000002670000000000                0100005168560705260000000117954           210426000000000000000000000000000000000000000000000000000000000000000218060622000170GHEYSEANDERSON BARROS GOMES EIRELI ME   RUA BONITO,100                                      55195275SANTA CRUZ DO CPE                                           000027
1021244025400010000000010000101594052                         000200020000000002750000000000                0100005168640705260000000825182           210426000000000000000000000000000000000000000000000000000000000000000208780971000103GRIFE TEXTIL LTDA                       RUA MAJOR MARCELINO,218                             03025020SAO PAULO      SP                                           000028
1021244025400010000000010000101594052                         000200020000000002830000000000                0100005168720705260000000042964           210426000000000000000000000000000000000000000000000000000000000000000208780971000707GRIFE TEXTIL LTDA                       RUA ITAJAI,795                                      88352495BRUSQUE        SC                                           000029
1021244025400010000000010000101594052                         000200020000000002910000000000                0100005168810705260000001145720           210426000000000000000000000000000000000000000000000000000000000000000206925672000194GUABIFIOS PRODUTOS TEXTEIS LTDA         RUA  JOSE JULIO SCHUMACHER,630                      88360000GUABIRUBA      SC                                           000030
1021244025400010000000010000101594052                         000200020000000003050000000000                0100005168990705260000000200000           210426000000000000000000000000000000000000000000000000000000000000000261068985000181INDUSTRIA E COMERCIO DE MOVEIS LGM LTDA HERICH SCHUTTER,270                                 89176000TROMBUDO CENTRASC                                           000031
1021244025400010000000010000101594052                         000200020000000003130000000000                0100005169020705260000000020022           210426000000000000000000000000000000000000000000000000000000000000000226904886000272INNOVA BRAZIL IMPORTACAO E COMERCIO LTDARODOVIA  ANTONIO HEIL, ARMZ COMP MU,3000            88316000ITAJAI         SC                                           000032
1021244025400010000000010000101594052                         000200020000000003210000000000                0100005169290705260000000279571           210426000000000000000000000000000000000000000000000000000000000000000212898250000331IVANSIL LTDA                            RUA  MIGUEL COMANDOLI,240-CASA 02                   88357125BRUSQUE        SC                                           000033
1021244025400010000000010000101594052                         0002000200000000033P0000000000                0100005169370705260000001572119           210426000000000000000000000000000000000000000000000000000000000000000212898250000170IVANSIL LTDA EPP                        R MANOEL BERNARDINO,62-A 66 RUA SIQUEIRA            55190001SANTA CRUZ DO CPE                                           000034
1021244025400010000000010000101594052                         000200020000000003480000000000                0100005169450705260000001074661           210426000000000000000000000000000000000000000000000000000000000000000224395093000169J R DA SILVA JUNIOR EIRELI              R ROSEMIRO ALVES DA ROCHA,226-                      55192305SANTA CRUZ DO CPE                                           000035
1021244025400010000000010000101594052                         000200020000000003560000000000                0100005169530705260000000304987           210426000000000000000000000000000000000000000000000000000000000000000202713578000110LAYLIZE INDUSTRIA E COMERCIO DE ARTIGOS SV JOSE JOVENTINO DA SILVA,39-PREDIO B              55790000TAQUARITINGA DOPE                                           000036
1021244025400010000000010000101594052                         000200020000000003640000000000                0100005169610705260000000112843           210426000000000000000000000000000000000000000000000000000000000000000209530727000155LETHEX IND. COM. TEXTIL IMP. EXP. LTDA MRODOVIA ANTONIO HEIL KM 23,5234-GALPAO              88352502BRUSQUE        SC                                           000037
1021244025400010000000010000101594052                         000200020000000003720000000000                0100005169700705260000000952208           210426000000000000000000000000000000000000000000000000000000000000000236398598000166LUCENA E SANTOS COMERCIO DE MALHAS LTDA RUA JOSE CANTIDIO DE LIRA,87                        55034160CARUARU        PE                                           000038
1021244025400010000000010000101594052                         000200020000000003800000000000                0100005169880705260000000190000           210426000000000000000000000000000000000000000000000000000000000000000214814399000159M. E. BATISTA DA SILVA VIEIRA           RUA PADRE MIGUELINO,040                             44051714FEIRA DE SANTANBA                                           000039
1021244025400010000000010000101594052                         000200020000000003990000000000                0100005169960705260000000278033           210426000000000000000000000000000000000000000000000000000000000000000247938840000163MALIBER INDUSTRIA E COMERCIO TEXTIL LTDAESTR MUN LAZARA M DA S BERTONI,1900                 13252815ITATIBA        SP                                           000040
1021244025400010000000010000101594052                         000200020000000004020000000000                0100005170030705260000000314167           210426000000000000000000000000000000000000000000000000000000000000000237296121000132MANOS IND. E COM. TEXTIL EIRELI         RUA FARROUPILHA,196-GALPAO 4                        89211320JOINVILLE      SC                                           000041
1021244025400010000000010000101594052                         000200020000000004100000000000                0100005170110705260000001088012           210426000000000000000000000000000000000000000000000000000000000000000201168266000100MARGARIDA MONTEIRO TECIDOS COMERCIO LTDAR CABO OTAVIO ARAGAO,67 TER 1 A                     55192325SANTA CRUZ DO CPE                                           000042
1021244025400010000000010000101594052                         000200020000000004290000000000                0100005170380705260000000153910           210426000000000000000000000000000000000000000000000000000000000000000207471396000102MOCA BELLA CONFECCOES LTDA - EPP        RUA MARIA CARNEIRO PONTES,93                        55194393SANTA CRUZ DO CPE                                           000043
1021244025400010000000010000101594052                         000200020000000004370000000000                0100005170460705260000000745200           210426000000000000000000000000000000000000000000000000000000000000000256687491000145MTR TEXTIL LTDA                         AV CARUARU,30-                                      55038270CARUARU        PE                                           000044
1021244025400010000000010000101594052                         000200020000000004450000000000                0100005170540705260000001252734           210426000000000000000000000000000000000000000000000000000000000000000257680081000135NAVEGUE BRASIL COMERCIO IMPORTACAO E EXPRUA GUABIRUPE,1111-GALPAO 11                        88360000GUABIRUBA      SC                                           000045
1021244025400010000000010000101594052                         000200020000000004530000000000                0100005170710705260000000036073           210426000000000000000000000000000000000000000000000000000000000000000248833011000340OTTI IMPORT E EXPORT LTDA               R. CARLOS ZEN,40-GALPAOBLOCO B SALA 01              88355573BRUSQUE        SC                                           000046
1021244025400010000000010000101594052                         000200020000000004610000000000                0100005170890705260000000469493           210426000000000000000000000000000000000000000000000000000000000000000211975965000116P  F TEXTIL LTDA - ME                   RUA MARIA DE LOURDES DO NASCIMENTO,49               55192527SANTA CRUZ DO CPE                                           000047
1021244025400010000000010000101594052                         0002000200000000047P0000000000                0100005170970705260000001144791           210426000000000000000000000000000000000000000000000000000000000000000215694119000189PARAIBA MALHAS LTDA                     AV GREGORIO DE MATOS,310-LJ 01                      55030230CARUARU        PE                                           000048
1021244025400010000000010000101594052                         000200020000000004880000000000                0100005171190705260000000187072           210426000000000000000000000000000000000000000000000000000000000000000252741404000563PMED TECIDOS E MALHAS LTDA              AVENIDA MARIA SATINA,291                            55195695SANTA CRUZ DO CPE                                           000049
1021244025400010000000010000101594052                         000200020000000004960000000000                0100005171270705260000000595000           210426000000000000000000000000000000000000000000000000000000000000000227241831000101POLINESIA TEXTIL COMERCIO DE TECIDOS    RUA PAULO ANDRIGHETTI,354                           03022000SAO PAULO      SP                                           000050
1021244025400010000000010000101594052                         0002000200000000050P0000000000                0100005171350705260000003173562           210426000000000000000000000000000000000000000000000000000000000000000256966682001460QUATRO K TEXTIL LTDA                    RUA JOSE GERALDINO BITTENCO,4001-GALPAO9            88324360ILHOTA         SC                                           000051
1021244025400010000000010000101594052                         000200020000000005180000000000                0100005171430705260000001266312           210426000000000000000000000000000000000000000000000000000000000000000228505640000172RAFAEL DE CARVALHO SILVA MALHA  C.      AVENIDA DOS ESTADOS,1418-GALPAO02                   55014225CARUARU        PE                                           000052
1021244025400010000000010000101594052                         000200020000000005260000000000                0100005171510705260000000240393           210426000000000000000000000000000000000000000000000000000000000000000282700808000146RAMATEX COMERCIO DE TECIDOS E AVIAMENTOSR ERVINO NIEBHUR,345                                88352550BRUSQUE        SC                                           000053
1021244025400010000000010000101594052                         000200020000000005340000000000                0100005171600705260000001050000           210426000000000000000000000000000000000000000000000000000000000000000257908092000391REALI TECIDOS PE LTDA                   RUA PADRE ESTIMA,60-LJ                              55192255SANTA CRUZ DO CPE                                           000054
1021244025400010000000010000101594052                         000200020000000005420000000000                0100005171780705260000000246905           210426000000000000000000000000000000000000000000000000000000000000000212579801000132REGIONAL TECIDOS E CONFEC.LTDA ME       AVENIDA JOAO FRANCISCO ARAGAO,271                   55192245SANTA CRUZ DO CPE                                           000055
1021244025400010000000010000101594052                         000200020000000005500000000000                0100005171860705260000001050000           210426000000000000000000000000000000000000000000000000000000000000000232278840000107REH CONFECCOES EIRELI                   R WILLY JOAO DIETRICH,79                            88360000GUABIRUBA      SC                                           000056
1021244025400010000000010000101594052                         000200020000000005690000000000                0100005171940705260000000098000           210426000000000000000000000000000000000000000000000000000000000000000231482182000108RENATA KARINE BARROS DE ARAUJO 108086054R EULALIA DUARTE BORGES,11                          55002970CARUARU        PE                                           000057
1021244025400010000000010000101594052                         000200020000000005770000000000                0100005172080705260000001290072           210426000000000000000000000000000000000000000000000000000000000000000210932715000136ROCABELLA TRADING.IMP.E EXP.LTDA        RODOVIA  BR 470 I,S N-KM5 GP.3 COND. JGM            88370888NAVEGANTES     SC                                           000058
1021244025400010000000010000101594052                         000200020000000005850000000000                0100005172160705260000000260000           210426000000000000000000000000000000000000000000000000000000000000000209163825000100MATESB INDUSTRIA TEXTIL LTDA            R TUPINAMBA ARNOUD,225-TERREO                       58865000SAO BENTO      PB                                           000059
1021244025400010000000010000101594052                         000200020000000005930000000000                0100005172240705260000000223738           210426000000000000000000000000000000000000000000000000000000000000000247700709000163SAINT TEXTEIS INDUSTRIA E COMERCIO DE TER CEL EMIDIO PIEDADE,570                            03018010SAO PAULO      SP                                           000060
1021244025400010000000010000101594052                         000200020000000006070000000000                0100005172320705260000000042259           210426000000000000000000000000000000000000000000000000000000000000000257398493000187SFILD E-COMMERCE LTDA                   AV.  AFONSO PENA,313-FUNDOS                         35500284DIVINOPOLIS    MG                                           000061
1021244025400010000000010000101594052                         000200020000000006150000000000                0100005172410705260000000020184           210426000000000000000000000000000000000000000000000000000000000000000260921229000190SIRUS BEACHWEAR LTDA                    AV ANTONIO SERGIO CARNEIRO,886                      44071270FEIRA DE SANTANBA                                           000062
1021244025400010000000010000101594052                         000200020000000006230000000000                0100005172590705260000000965454           210426000000000000000000000000000000000000000000000000000000000000000200839930000133SMARTCOM IND COM IMPORTACAO EXPORTACAO ERUA ANTONIO MAFFEZZOLLI,86                          88351370BRUSQUE        SC                                           000063
1021244025400010000000010000101594052                         000200020000000006310000000000                0100005172750705260000001619702           210426000000000000000000000000000000000000000000000000000000000000000207603376000806TBM S A INDUSTRIA TEXTIL                AV PARQUE NORTE-2,570-A GALPAO 1                    61939180MARACANAU      CE                                           000064
1021244025400010000000010000101594052                         0002000200000000064P0000000000                0100005172830705260000000232603           210426000000000000000000000000000000000000000000000000000000000000000201258272000310TEXPAR INDUSTRIA EIRELI                 AV PREFEITO BREAZ DE LIRA ROD PE,160                55190398SANTA CRUZ DO CPE                                           000065
1021244025400010000000010000101594052                         000200020000000006580000000000                0100005172910705260000000112056           210426000000000000000000000000000000000000000000000000000000000000000229947401000216VIP MALHAS LTDA                         AV LOMANTO JUNIOR,SN                                44640000RIACHAO DO JACUBA                                           000066
1021244025400010000000010000101594052                         000200020000000006660000000000                0100005173050705260000000357948           210426000000000000000000000000000000000000000000000000000000000000000229947401000305VIP MALHAS LTDA                         R GUABIRUPE, GALPAO 06,1111                         88360000GUABIRUBA      SC                                           000067
1021244025400010000000010000101594052                         000200020000000006740000000000                0100005173130705260000000914968           210426000000000000000000000000000000000000000000000000000000000000000229947401000488VIP MALHAS LTDA                         AVE,810-LOTE VILA EULALIA QUADRAA LOTE 7            56320000PETROLINA      PE                                           000068
1021244025400010000000010000101594052                         000200020000000006820000000000                0100005173210705260000000932511           210426000000000000000000000000000000000000000000000000000000000000000229947401000135VIP MALHAS LTDA - ME                    AV. LOMANTO JUNIOR,5533-LOJA                        44640000RIACHAO DO JACUBA                                           000069
1021244025400010000000010000101594052                         000200020000000006900000000000                0100005173300705260000000016190           210426000000000000000000000000000000000000000000000000000000000000000208755180000557WILLRICH MALHAS LTDA                    R JOAO PEREIRA DE ABREU,21-.                        55192440SANTA CRUZ DO CPE                                           000070
1021244025400010000000010000101594052                         000200020000000007040000000000                0100005173480705260000001079640           210426000000000000000000000000000000000000000000000000000000000000000216672945000190YASTEC COMERCIO DE MALHAS E AVIAMENTOS  RUA 24 DE MAIO,883                                  60020000FORTALEZA      CE                                           000071
1021244025400010000000010000101594052                         000200020000000007120000000000                0100005173560705260000000820852           210426000000000000000000000000000000000000000000000000000000000000000203402129000114DANIELY SOUSA DE OLIVEIRA - ME          PEDRO BOEMIO,1617                                   61631050CAUCAIA        CE                                           000072
1021244025400010000000010000101594052                         000200020000000007200000000000                0100005173641105260000000564799           210426000000000000000000000000000000000000000000000000000000000000000208064417000120ESPACO TEXTIL LTDA                      R. SIQUEIRA CAMPOS,153 A-E N 157 TERREO1            55192290SANTA CRUZ DO CPE                                           000073
1021244025400010000000010000101594052                         000200020000000007390000000000                0100005173720505260000001000013           210426000000000000000000000000000000000000000000000000000000000000000257110745000120SUL BENEFICIAMENTO TEXTIL LTDA          ROD SC 410,6997                                     88270000NOVA TRENTO    SC                                           000074
1021244025400010000000010000101594052                         000200020000000007470000000000                0100005173810605260000000750006           210426000000000000000000000000000000000000000000000000000000000000000257110745000120SUL BENEFICIAMENTO TEXTIL LTDA          ROD SC 410,6997                                     88270000NOVA TRENTO    SC                                           000075
1021244025400010000000010000101594052                         000200020000000007550000000000                0100005173990605260000000949548           210426000000000000000000000000000000000000000000000000000000000000000257110745000120SUL BENEFICIAMENTO TEXTIL LTDA          ROD SC 410,6997                                     88270000NOVA TRENTO    SC                                           000076
1021244025400010000000010000101594052                         000200020000000007630000000000                0100005174020705260000001000007           210426000000000000000000000000000000000000000000000000000000000000000257110745000120SUL BENEFICIAMENTO TEXTIL LTDA          ROD SC 410,6997                                     88270000NOVA TRENTO    SC                                           000077
1021244025400010000000010000101594052                         000200020000000007710000000000                0100005174110805260000000979976           210426000000000000000000000000000000000000000000000000000000000000000257110745000120SUL BENEFICIAMENTO TEXTIL LTDA          ROD SC 410,6997                                     88270000NOVA TRENTO    SC                                           000078
1021244025400010000000010000101594052                         0002000200000000078P0000000000                0100005174291105260000000796350           210426000000000000000000000000000000000000000000000000000000000000000257110745000120SUL BENEFICIAMENTO TEXTIL LTDA          ROD SC 410,6997                                     88270000NOVA TRENTO    SC                                           000079
1021244025400010000000010000101594052                         000200020000000007980000000000                0100005174700705260000000695768           260426000000000000000000000000000000000000000000000000000000000000000203402129000114DANIELY SOUSA DE OLIVEIRA - ME          PEDRO BOEMIO,1617                                   61631050CAUCAIA        CE                                           000080
1021244025400010000000010000101594052                         000200020000000008010000000000                0100005174960805260000000911413           260426000000000000000000000000000000000000000000000000000000000000000236995444000151HYDRA COMERCIO IMPORTACAO E EXPORTACAO LR CESAR AUGUSTO DALCOQUIO,1505                      88311500ITAJAI         SC                                           000081
1021244025400010000000010000101594052                         0002000200000000081P0000000000                0100005175001005260000000911413           260426000000000000000000000000000000000000000000000000000000000000000236995444000151HYDRA COMERCIO IMPORTACAO E EXPORTACAO LR CESAR AUGUSTO DALCOQUIO,1505                      88311500ITAJAI         SC                                           000082
1021244025400010000000010000101594052                         000200020000000008280000000000                0100005175181105260000000911414           260426000000000000000000000000000000000000000000000000000000000000000236995444000151HYDRA COMERCIO IMPORTACAO E EXPORTACAO LR CESAR AUGUSTO DALCOQUIO,1505                      88311500ITAJAI         SC                                           000083
9                                                                                                                                                                                                                                                                                                                                                                                                         000084
