01REMESSA01COBRANCA       936100365514        TOWER FOMENTOS LTDA           341ITAU           300626                                                                                                                                                                                                                                                                                                      000001
10213259552000160936100365514        28897                    000386110000000000000109                     I015043/U    28072600000001804003410000001N30062600  00000000003610000000000000000000000000000000000000000000000204846092000186SOGLIA COMERCIO DE DOCES LTDA ME        RUA BOM PASTOR                          IPIRANGA    04203052SAO PAULO      SPPAULISTA ARTESANATOS LTDA ME      000000001000002
55                                                                                                                       0406233543000135CARIJOS 41                              GEORGIA PAUL89248000GARUVA         SC                                                                                                                                                                                    000003
9                                                                                                                                                                                                                                                                                                                                                                                                         000004
