01REMESSA01COBRANCA       00000000000123456789EMPRESA MODELO LTDA           611PAULISTA S.A.  250625        MX0000001                                                                                                                                                                                                                                                                                     000001                                            
1                   02000000000000AA0NF202500001234567890     0000000000000000000 0000000000  000000        01NF0001    31072500005000000000000000001 250625000SP123456789   TC20250000012345678000050000000000000000000000212345678000195SACADO COMERCIO DE PRODUTOS LTDA        RUA DAS FLORES 123 SAO PAULO SP         000000001A  01310100EMPRESA MODELO LTDA                           123456780001900000020000000001A  2506250000500000000            
1                   02000000000000AA0NP202500009876543210     0000000000000000000 0000000000  000000        01NP0001    15082500002500000000000000002 250625000                                 000025000000000000000000000100012345678900JOAO DA SILVA PEREIRA                   AV PAULISTA 1578 SAO PAULO SP                       01310200EMPRESA MODELO LTDA                           12345678000190000003                                            
9                                                                                                                                                                                                                                                                                                                                                                                                         000004                                            