01REMESSA01COBRANCA       00000000000123456789EMPRESA MODELO LTDA           611PAULISTA S.A.  270625        MX0000001                                                                                                                                                                                                                                                                                     000001
1                   02000000100000AA0NF0001                   0000000000000000001 00000000000N              01NF0001    31072500000005000000000000001 270625000SP123456789   TC20250000012345678000000050000000000000000000212345678000195SACADO COMERCIO DE PRODUTOS LTDA        RUA DAS FLORES 123 SAO PAULO SP         NF0001001A0101310100EMPRESA MODELO LTDA                           12345678000190000002
1                   02000000100000AA0NP0001                   0000000000000000002 00000000000N              01NP0001    15082500000002500000000000002 270625000                                 000000025000000000000000000100012345678900JOAO DA SILVA PEREIRA                   AV PAULISTA 1578 SAO PAULO SP                       01310200EMPRESA MODELO LTDA                           12345678000190000003
1                   02000000100000AA0NF0002                   0000000000000000003 00000000000N              01NF0002    30092500000008000000000000001 270625000SP987654321   TC20250000098765432000000080000000000000000000298765432000100DISTRIBUIDORA COMERCIAL BRASIL          RUA COMERCIAL 500 CAMPINAS SP           NF0002001B0113010100EMPRESA MODELO LTDA                           12345678000190000004
1                   02000000100000AA0NP0002                   0000000000000000004 00000000008N              80NP0002    01102500000001500000000000002 270625000                                 000000015000000000000000000100098700654321MARIA APARECIDA DOS SANTOS              RUA IPIRANGA 77 SAO PAULO SP                        01410001EMPRESA MODELO LTDA                           12345678000190000005
9                                                                                                                                                                                                                                                                                                                                                                                                         000006
