02RETORNO01COBRANCA       00000000000000000000FRONTIS SECURITIZACAO         611BANCO PAULISTA 2706250160000000001                                                                                                                                                                                                                                                                          270625         000001
10212345678000195000100001000000012340000000000000000000000001000000000000000000010000000000000000000000000102270625000000000100000000000001      270725000001000000061100001  000000000000000000000000000000000000000000000000000000000000000000000000000000000000000000000000000000000000000000000   000000000              0000000000                                        00                        000002
10212345678000195000100001000000012340000000000000000000000002000000000000000000020000000000000000000000000106270625000000000100000000000002      270725000001000000061100001  000000000000000000000000000000000000000000000000000000000000000000000000000000000001000000000000000000000000000000000   270625000              0000000000                                        00                        000003
10212345678000195000100001000000012340000000000000000000000003000000000000000000030000000000000000000000000103270625000000000100000000000003      270725000001000000061100001  000000000000000000000000000000000000000000000000000000000000000000000000000000000000000000000000000000000000000000000   000000000              0800000000                                        00                        000004
10212345678000195000100001000000012340000000000000000000000004000000000000000000040000000000000000000000000171270625000000000100000000000004      270725000001000000061100001  000000000000000000000000000000000000000000000000000000000000000000000000000000000000500000000000000000000000000000000   270625000              0000000000                                        00                        000005
9201611          0000000400000000000000                  0000200000000000000001000000000001000010000000000000000000000000000100000000000000000                                                                                                                                                                                                                                                            000006