01REMESSA01COBRANCA       00000000000005467909FOCO SECURITIZADORA DE CREDITO237BRADESCO       210126        MX0004864                                                                                                                                                                                                                                                                                     000001
1000000000000000000 0009039560251881370492                    0002020000000007854100000000002N           1  01087/02    16032600000000492000000000001N150126000000000000000820000000000000000000000000000000000000000000000258149888000109OUTLET DOS OCULOS SANTA FELICIDADE LTDA RUA SATURNINO MIRANDA ,917                          82030320028426455000192  AGE SUL LTDA                               000002
1000000000000000000 0009039560251881370499                    0002020000000007856800000000002N           1  014         01022600000004800000000000001N200126000000000000008000000000000000000000000000000000000000000000000214601275000195FIORIO E FIORIO LTDA                    AVENIDA PRESIDENTE TANCREDO NEVES ,9299             76987608024986953000139  VEIT CONSULTORIA LTDA                      000003
1000000000000000000 0009039560251881370493                    0002020000000007855P00000000002N           1  01087/01    16022600000000492000000000001N150126000000000000000820000000000000000000000000000000000000000000000258149888000109OUTLET DOS OCULOS SANTA FELICIDADE LTDA RUA SATURNINO MIRANDA ,917                          82030320028426455000192  AGE SUL LTDA                               000004
9                                                                                                                                                                                                                                                                                                                                                                                                         000005
