01RETORNO01COBRANCA       00000000000123456789EMPRESA MODELO LTDA           457UY3 DTVM       2706250160000000001                                                                                                                                                                                                                                                                          270625         000001
10212345678000195   00100010000012345CTRNF0001                0000000000000000000100000000000000000000000  102270625NF0001    00000000000001      310725000000050000045700001  000000000000000000000000000000000000000000000000000000000000000000000000000000000000000000000000000000000000000000000  A                       0000000000                                        00                        000002
10212345678000195   00100010000012345CTRNF0002                0000000000000000000200000000000000000000000  106270625NF0002    00000000000002      150825000000025000045700001  000000000000000000000000000000000000000000000000000000000000000000000000000000000000025250000000000000000000000000000  A270625                 0000000000                                        00                        000003
10212345678000195   00100010000012345CTRNF0003                0000000000000000000300000000000000000000000  103270625NF0003    00000000000003      300625000000012000045700001  000000000000000000000000000000000000000000000000000000000000000000000000000000000000000000000000000000000000000000000  A                       1000000000                                        00                        000004
10212345678000195   00100010000012345CTRNF0004                0000000000000000000400000000000000000000000  109270625NF0004    00000000000004      010725000000080000045700001  000000000000000000000000000000000000000000000000000000000000000000000000000000000000000000000000000000000000000000000  A250625                 0000000000                                        00                        000005
9201457                                00000001          00001000000500000000000252500000010000000000000000100000000000000000000000000000000000000000000000000000000000000000000000000000000                                                                                                                                                                                                              000006
