01REMESSA01COBRANCA       00000000000000002026FIDC BLUE SKY                S363SINGULARE      030524        MX0006076                                                                                                                                                                                                                                                                                                                                 000001
1                   02000000000000A 0C749668I695444S723971/0010000000000000000000 00000000000            0  01723971/00101062400000000903600000000070 2904240000200000000000049668I695444S723971000000008613600000000000000263837917000165Nome do Tomador                         Rua Felix de Lucca, 279, sala, Milanese             88804570MOVA SOCIEDADE DE EMPRESTIMO ENTRE PESSOAS S/A33959738000130                                            000002
1                   02000000000000A 0C749668I695444S723971/0020000000000000000000 00000000000            0  01723971/00201072400000000903600000000070 2904240000200000000000049668I695444S723971000000008235600000000000000263837917000165Nome do Tomador                         Rua Felix de Lucca, 279, sala, Milanese             88804570MOVA SOCIEDADE DE EMPRESTIMO ENTRE PESSOAS S/A33959738000130                                            000003
1                   02000000000000A 0C749668I695444S723971/0030000000000000000000 00000000000            0  01723971/00301082400000000903600000000070 2904240000200000000000049668I695444S723971000000007874200000000000000263837917000165Nome do Tomador                         Rua Felix de Lucca, 279, sala, Milanese             88804570MOVA SOCIEDADE DE EMPRESTIMO ENTRE PESSOAS S/A33959738000130                                            000004
1                   02000000000000A 0C749668I695444S723971/0040000000000000000000 00000000000            0  01723971/00401092400000000903600000000070 2904240000200000000000049668I695444S723971000000007528600000000000000263837917000165Nome do Tomador                         Rua Felix de Lucca, 279, sala, Milanese             88804570MOVA SOCIEDADE DE EMPRESTIMO ENTRE PESSOAS S/A33959738000130                                            000005
1                   02000000000000A 0C749668I695444S723971/0050000000000000000000 00000000000            0  01723971/00501102400000000903600000000070 2904240000200000000000049668I695444S723971000000007198200000000000000263837917000165Nome do Tomador                         Rua Felix de Lucca, 279, sala, Milanese             88804570MOVA SOCIEDADE DE EMPRESTIMO ENTRE PESSOAS S/A33959738000130                                            000006
1                   02000000000000A 0C749668I695444S723971/0060000000000000000000 00000000000            0  01723971/00601112400000000903600000000070 2904240000200000000000049668I695444S723971000000006882300000000000000263837917000165Nome do Tomador                         Rua Felix de Lucca, 279, sala, Milanese             88804570MOVA SOCIEDADE DE EMPRESTIMO ENTRE PESSOAS S/A33959738000130                                            000007
1                   02000000000000A 0C749668I695444S723971/0070000000000000000000 00000000000            0  01723971/00701122400000000903600000000070 2904240000200000000000049668I695444S723971000000006580300000000000000263837917000165Nome do Tomador                         Rua Felix de Lucca, 279, sala, Milanese             88804570MOVA SOCIEDADE DE EMPRESTIMO ENTRE PESSOAS S/A33959738000130                                            000008
1                   02000000000000A 0C749668I695444S723971/0080000000000000000000 00000000000            0  01723971/00801012500000000903600000000070 2904240000200000000000049668I695444S723971000000006291500000000000000263837917000165Nome do Tomador                         Rua Felix de Lucca, 279, sala, Milanese             88804570MOVA SOCIEDADE DE EMPRESTIMO ENTRE PESSOAS S/A33959738000130                                            000009
1                   02000000000000A 0C749668I695444S723971/0090000000000000000000 00000000000            0  01723971/00901022500000000903600000000070 2904240000200000000000049668I695444S723971000000006015400000000000000263837917000165Nome do Tomador                         Rua Felix de Lucca, 279, sala, Milanese             88804570MOVA SOCIEDADE DE EMPRESTIMO ENTRE PESSOAS S/A33959738000130                                            000010
1                   02000000000000A 0C749668I695444S723971/0100000000000000000000 00000000000            0  01723971/01001032500000000903600000000070 2904240000200000000000049668I695444S723971000000005751400000000000000263837917000165Nome do Tomador                         Rua Felix de Lucca, 279, sala, Milanese             88804570MOVA SOCIEDADE DE EMPRESTIMO ENTRE PESSOAS S/A33959738000130                                            000011
1                   02000000000000A 0C749668I695444S723971/0110000000000000000000 00000000000            0  01723971/01101042500000000903600000000070 2904240000200000000000049668I695444S723971000000005499000000000000000263837917000165Nome do Tomador                         Rua Felix de Lucca, 279, sala, Milanese             88804570MOVA SOCIEDADE DE EMPRESTIMO ENTRE PESSOAS S/A33959738000130                                            000012
1                   02000000000000A 0C749668I695444S723971/0120000000000000000000 00000000000            0  01723971/01201052500000000903600000000070 2904240000200000000000049668I695444S723971000000005257700000000000000263837917000165Nome do Tomador                         Rua Felix de Lucca, 279, sala, Milanese             88804570MOVA SOCIEDADE DE EMPRESTIMO ENTRE PESSOAS S/A33959738000130                                            000013
9                                                                                                                                                                                                                                                                                                                                                                                                                                                     000014
