02RETORNO01COBRANCA       00000000000000110548FAIGHUS SECURITIZADORA S.A    310VORTX DTVM     2306260160000000058                                                                                                                                                                                                                                                                          230626000000000000001
10215533447000101000002100001001105480000000000000000000156502000000000000000086480000000000000000000000000019220626000226200100000000000000008648140626000000076666600000000  000000000000000000000000000000000000000000000000000000000000000000000000000000000000000000000000000000000000000000000   220626000          00000000000000                                        0065                      000002
10215533447000101000002100001001105480000000000000000000157542000000000000000110610000000000000000000000000033220626000017361000000000000000011061300626000000022600000000000  000000000000000000000000000000000000000000000000000000000000000000000000000000000000000000000000000000000000000000000   220626000          00000000000000                                        0065                      000003
10215533447000101000002100001001105480000000000000000000157542000000000000000110610000000000000000000000000014220626000017361000000000000000011061300626000000022600000000000  000000000000000000000000000000000000000000000000000000000000000000000000000000000000000000000000000000000000000000000   220626000          00000000000000                                        0065                      000004
10215533447000101000002100001001105480000000000000000000158778000000000000000135790000000000000000000000000002220626000028300200000000000000013579180826000000018466700000000  000000000000000000000000000000000000000000000000000000000000000000000000000000000000000000000000000000000000000000000   220626000          00000000000000                                        0065                      000005
10215533447000101000002100001001105480000000000000000000158792000000000000000134800000000000000000000000000002220626003488000100000000000000013480210826000000007400000000000  000000000000000000000000000000000000000000000000000000000000000000000000000000000000000000000000000000000000000000000   220626000          00000000000000                                        0065                      000006
10215533447000101000002100001001105480000000000000000000158745000000000000000135100000000000000000000000000002220626001836700100000000000000013510220726000000002820000000000  000000000000000000000000000000000000000000000000000000000000000000000000000000000000000000000000000000000000000000000   220626000          00000000000000                                        0065                      000007
10215533447000101000002100001001105480000000000000000000158780000000000000000134040000000000000000000000000002220626003488100100000000000000013404200726000000004190000000000  000000000000000000000000000000000000000000000000000000000000000000000000000000000000000000000000000000000000000000000   220626000          00000000000000                                        0065                      000008
10215533447000101000002100001001105480000000000000000000158779000000000000000135600000000000000000000000000002220626000028300300000000000000013560180926000000018466600000000  000000000000000000000000000000000000000000000000000000000000000000000000000000000000000000000000000000000000000000000   220626000          00000000000000                                        0065                      000009
10215533447000101000002100001001105480000000000000000000158784000000000000000134120000000000000000000000000002220626003487900100000000000000013412070726000000003840000000000  000000000000000000000000000000000000000000000000000000000000000000000000000000000000000000000000000000000000000000000   220626000          00000000000000                                        0065                      000010
10215533447000101000002100001001105480000000000000000000158737000000000000000133900000000000000000000000000002220626002290100100000000000000013390120726000000106517000000000  000000000000000000000000000000000000000000000000000000000000000000000000000000000000000000000000000000000000000000000   220626000          00000000000000                                        0065                      000011
10215533447000101000002100001001105480000000000000000000158789000000000000000135010000000000000000000000000002220626003488800100000000000000013501270726000000024000000000000  000000000000000000000000000000000000000000000000000000000000000000000000000000000000000000000000000000000000000000000   220626000          00000000000000                                        0065                      000012
10215533447000101000002100001001105480000000000000000000158791000000000000000135950000000000000000000000000002220626003489300200000000000000013595130826000000019200000000000  000000000000000000000000000000000000000000000000000000000000000000000000000000000000000000000000000000000000000000000   220626000          00000000000000                                        0065                      000013
10215533447000101000002100001001105480000000000000000000158749000000000000000134390000000000000000000000000002220626000017367600000000000000013439210726000000026000000000000  000000000000000000000000000000000000000000000000000000000000000000000000000000000000000000000000000000000000000000000   220626000          00000000000000                                        0065                      000014
10215533447000101000002100001001105480000000000000000000158781000000000000000135870000000000000000000000000002220626003489300100000000000000013587140726000000019200000000000  000000000000000000000000000000000000000000000000000000000000000000000000000000000000000000000000000000000000000000000   220626000          00000000000000                                        0065                      000015
10215533447000101000002100001001105480000000000000000000158782000000000000000133820000000000000000000000000002220626003489200100000000000000013382210826000000035880000000000  000000000000000000000000000000000000000000000000000000000000000000000000000000000000000000000000000000000000000000000   220626000          00000000000000                                        0065                      000016
10215533447000101000002100001001105480000000000000000000158783000000000000000135280000000000000000000000000002220626003488900100000000000000013528170726000000004609000000000  000000000000000000000000000000000000000000000000000000000000000000000000000000000000000000000000000000000000000000000   220626000          00000000000000                                        0065                      000017
10215533447000101000002100001001105480000000000000000000158790000000000000000134980000000000000000000000000002220626003488800200000000000000013498210826000000024000000000000  000000000000000000000000000000000000000000000000000000000000000000000000000000000000000000000000000000000000000000000   220626000          00000000000000                                        0065                      000018
10215533447000101000002100001001105480000000000000000000158743000000000000000133580000000000000000000000000002220626001836300100000000000000013358290626000000009592000000000  000000000000000000000000000000000000000000000000000000000000000000000000000000000000000000000000000000000000000000000   220626000          00000000000000                                        0065                      000019
10215533447000101000002100001001105480000000000000000000158750000000000000000134710000000000000000000000000002220626000017367500000000000000013471200726000000026000000000000  000000000000000000000000000000000000000000000000000000000000000000000000000000000000000000000000000000000000000000000   220626000          00000000000000                                        0065                      000020
10215533447000101000002100001001105480000000000000000000158777000000000000000135520000000000000000000000000002220626000028300100000000000000013552180726000000018466700000000  000000000000000000000000000000000000000000000000000000000000000000000000000000000000000000000000000000000000000000000   220626000          00000000000000                                        0065                      000021
10215533447000101000002100001001105480000000000000000000158748000000000000000134470000000000000000000000000002220626000017367400000000000000013447220726000000026000000000000  000000000000000000000000000000000000000000000000000000000000000000000000000000000000000000000000000000000000000000000   220626000          00000000000000                                        0065                      000022
10215533447000101000002100001001105480000000000000000000158744000000000000000133740000000000000000000000000002220626001836800100000000000000013374220726000000011750000000000  000000000000000000000000000000000000000000000000000000000000000000000000000000000000000000000000000000000000000000000   220626000          00000000000000                                        0065                      000023
10215533447000101000002100001001105480000000000000000000158786000000000000000135360000000000000000000000000002220626003489000100000000000000013536170726000000005748000000000  000000000000000000000000000000000000000000000000000000000000000000000000000000000000000000000000000000000000000000000   220626000          00000000000000                                        0065                      000024
10215533447000101000002100001001105480000000000000000000158788000000000000000135440000000000000000000000000002220626003489100100000000000000013544170726000000002376000000000  000000000000000000000000000000000000000000000000000000000000000000000000000000000000000000000000000000000000000000000   220626000          00000000000000                                        0065                      000025
10215533447000101000002100001001105480000000000000000000158785000000000000000136090000000000000000000000000002220626003489300300000000000000013609120926000000019200000000000  000000000000000000000000000000000000000000000000000000000000000000000000000000000000000000000000000000000000000000000   220626000          00000000000000                                        0065                      000026
10215533447000101000002100001001105480000000000000000000158751000000000000000134630000000000000000000000000002220626000017367300000000000000013463170726000000026000000000000  000000000000000000000000000000000000000000000000000000000000000000000000000000000000000000000000000000000000000000000   220626000          00000000000000                                        0065                      000027
10215533447000101000002100001001105480000000000000000000158752000000000000000134200000000000000000000000000002220626000017367100000000000000013420130726000000026500000000000  000000000000000000000000000000000000000000000000000000000000000000000000000000000000000000000000000000000000000000000   220626000          00000000000000                                        0065                      000028
10215533447000101000002100001001105480000000000000000000158787000000000000000133400000000000000000000000000002220626003489400100000000000000013340210826000000030590000000000  000000000000000000000000000000000000000000000000000000000000000000000000000000000000000000000000000000000000000000000   220626000          00000000000000                                        0065                      000029
10215533447000101000002100001001105480000000000000000000158747000000000000000134550000000000000000000000000002220626000017367200000000000000013455150726000000026000000000000  000000000000000000000000000000000000000000000000000000000000000000000000000000000000000000000000000000000000000000000   220626000          00000000000000                                        0065                      000030
10215533447000101000002100001001105480000000000000000000158746000000000000000133660000000000000000000000000002220626001836600100000000000000013366200726000000012000000000000  000000000000000000000000000000000000000000000000000000000000000000000000000000000000000000000000000000000000000000000   220626000          00000000000000                                        0065                      000031
10215533447000101000002100001001105480000000000000000000153694000000000000000024020000000000000000000000000010220626000013700400000000000000002402170626000000040528600000000  000000000000000000000000000000000000000000000000000000000000000000000000000000000000000000000000000000000000000000000   220626000          00000000000000                                        0065                      000032
10215533447000101000002100001001105480000000000000000000158797000000000000000136250000000000000000000000000002220626000010500100000000000000013625130726000000005900000000000  000000000000000000000000000000000000000000000000000000000000000000000000000000000000000000000000000000000000000000000   220626000          00000000000000                                        0065                      000033
10215533447000101000002100001001105480000000000000000000158795000000000000000136500000000000000000000000000002220626000010300100000000000000013650070726000000007549000000000  000000000000000000000000000000000000000000000000000000000000000000000000000000000000000000000000000000000000000000000   220626000          00000000000000                                        0065                      000034
10215533447000101000002100001001105480000000000000000000158796000000000000000136170000000000000000000000000002220626000010400100000000000000013617130726000000012469000000000  000000000000000000000000000000000000000000000000000000000000000000000000000000000000000000000000000000000000000000000   220626000          00000000000000                                        0065                      000035
10215533447000101000002100001001105480000000000000000000158799000000000000000136680000000000000000000000000002220626000042400100000000000000013668200726000000010341000000000  000000000000000000000000000000000000000000000000000000000000000000000000000000000000000000000000000000000000000000000   220626000          00000000000000                                        0065                      000036
10215533447000101000002100001001105480000000000000000000158798000000000000000136410000000000000000000000000002220626000042500100000000000000013641130726000000018137000000000  000000000000000000000000000000000000000000000000000000000000000000000000000000000000000000000000000000000000000000000   220626000          00000000000000                                        0065                      000037
10215533447000101000002100001001105480000000000000000000158793000000000000000136330000000000000000000000000002220626000010100100000000000000013633200726000000016739000000000  000000000000000000000000000000000000000000000000000000000000000000000000000000000000000000000000000000000000000000000   220626000          00000000000000                                        0065                      000038
10215533447000101000002100001001105480000000000000000000155888000000000000000075520000000000000000000000000006220626000023600100000000000000007552200626000000118600008501115  000000000000000000000000000000000000000000000000000000000000000000000000000000000000118600000000000000000000000000000   230626000          00000000000000                                        0065                      000039
10215533447000101000002100001001105480000000000000000000155281000000000000000061300000000000000000000000000006220626000766600300000000000000006130220626000000012562000100095  000000000000000000000000000000000000000000000000000000000000000000000000000000000000012562000000000000000000000000000   230626000          00000000000000                                        0065                      000040
10215533447000101000002100001001105480000000000000000000153704000000000000000024960000000000000000000000000006220626000014100400000000000000002496220626000000098067074805650  000000000000000000000000000000000000000000000000000000000000000000000000000000000000098067000000000000000000000000000   230626000          00000000000000                                        0065                      000041
10215533447000101000002100001001105480000000000000000000155825000000000000000073740000000000000000000000000006220626001814900200000000000000007374220626000000012000003303059  000000000000000000000000000000000000000000000000000000000000000000000000000000000000012000000000000000000000000000000   230626000          00000000000000                                        0065                      000042
10215533447000101000002100001001105480000000000000000000155837000000000000000070990000000000000000000000000006220626001814600200000000000000007099220626000000008337308501304  000000000000000000000000000000000000000000000000000000000000000000000000000000000000008337300000000000000000000000000   230626000          00000000000000                                        0065                      000043
10215533447000101000002100001001105480000000000000000000155829000000000000000071960000000000000000000000000006220626001815800200000000000000007196220626000000011998723702926  000000000000000000000000000000000000000000000000000000000000000000000000000000000000011998700000000000000000000000000   230626000          00000000000000                                        0065                      000044
10215533447000101000002100001001105480000000000000000000154893000000000000000052310000000000000000000000000006220626084706800100000000000000005231090626000000002177908100001  000000000000000000000000000000000000000000000000000000000000000000000000000000000000002272800000000009490000000000000   230626000          00000000000000                                        0065                      000045
10215533447000101000002100001001105480000000000000000000156508000000000000000084600000000000000000000000000006220626001819900100000000000000008460220626000000008932508501304  000000000000000000000000000000000000000000000000000000000000000000000000000000000000008932500000000000000000000000000   230626000          00000000000000                                        0065                      000046
10215533447000101000002100001001105480000000000000000000156504000000000000000084780000000000000000000000000006220626001819800100000000000000008478220626000000008572523702926  000000000000000000000000000000000000000000000000000000000000000000000000000000000000008572500000000000000000000000000   230626000          00000000000000                                        0065                      000047
10215533447000101000002100001001105480000000000000000000156772000000000000000092100000000000000000000000000006220626001821100100000000000000009210220626000000028233003303059  000000000000000000000000000000000000000000000000000000000000000000000000000000000000028233000000000000000000000000000   230626000          00000000000000                                        0065                      000048
10215533447000101000002100001001105480000000000000000000156741000000000000000091800000000000000000000000000006220626000248600100000000000000009180220626000000090600023702693  000000000000000000000000000000000000000000000000000000000000000000000000000000000000090600000000000000000000000000000   230626000          00000000000000                                        0065                      000049
10215533447000101000002100001001105480000000000000000000156683000000000000000090160000000000000000000000000006220626001820800100000000000000009016220626000000003710023701737  000000000000000000000000000000000000000000000000000000000000000000000000000000000000003710000000000000000000000000000   230626000          00000000000000                                        0065                      000050
10215533447000101000002100001001105480000000000000000000156886000000000000000095390000000000000000000000000006220626002287200200000000000000009539250626000000016600075600303  000000000000000000000000000000000000000000000000000000000000000000000000000000000000016600000000000000000000000000000   230626000          00000000000000                                        0065                      000051
10215533447000101000002100001001105480000000000000000000157142000000000000000100650000000000000000000000000006220626000762800100000000000000010065210626000000010193963300001  000000000000000000000000000000000000000000000000000000000000000000000000000000000000010193900000000000000000000000000   230626000          00000000000000                                        0065                      000052
10215533447000101000002100001001105480000000000000000000157156000000000000000101700000000000000000000000000006220626000760400100000000000000010170200626000000003472363300001  000000000000000000000000000000000000000000000000000000000000000000000000000000000000003472300000000000000000000000000   230626000          00000000000000                                        0065                      000053
10215533447000101000002100001001105480000000000000000000157298000000000000000107150000000000000000000000000006220626000764900100000000000000010715240626000000011738234100615  000000000000000000000000000000000000000000000000000000000000000000000000000000000000011738200000000000000000000000000   230626000          00000000000000                                        0065                      000054
10215533447000101000002100001001105480000000000000000000153838000000000000000025930000000000000000000000000006220626000368800700000000000000002593150626000000251300074805797  000000000000000000000000000000000000000000000000000000000000000000000000000000000000257163900000000586390000000000000   230626000          00000000000000                                        0065                      000055
10215533447000101000002100001001105480000000000000000000155835000000000000000072340000000000000000000000000006220626001815000100000000000000007234220626000000012300023700356  000000000000000000000000000000000000000000000000000000000000000000000000000000000000012300000000000000000000000000000   230626000          00000000000000                                        0065                      000056
10215533447000101000002100001001105480000000000000000000155877000000000000000074630000000000000000000000000006220626003415200100000000000000007463210626000000026780008501040  000000000000000000000000000000000000000000000000000000000000000000000000000000000000026780000000000000000000000000000   230626000          00000000000000                                        0065                      000057
10215533447000101000002100001001105480000000000000000000156638000000000000000086560000000000000000000000000006220626001820400100000000000000008656220626000000016650034100132  000000000000000000000000000000000000000000000000000000000000000000000000000000000000016650000000000000000000000000000   230626000          00000000000000                                        0065                      000058
10215533447000101000002100001001105480000000000000000000154909000000000000000050530000000000000000000000000006220626000741600200000000000000005053210626000000012130634108490  000000000000000000000000000000000000000000000000000000000000000000000000000000000000012130600000000000000000000000000   230626000          00000000000000                                        0065                      000059
10215533447000101000002100001001105480000000000000000000154901000000000000000052230000000000000000000000000006220626000741500200000000000000005223210626000000007230634100132  000000000000000000000000000000000000000000000000000000000000000000000000000000000000007230600000000000000000000000000   230626000          00000000000000                                        0065                      000060
10215533447000101000002100001001105480000000000000000000156703000000000000000090670000000000000000000000000006220626000017356600000000000000009067220626000000026000008501033  000000000000000000000000000000000000000000000000000000000000000000000000000000000000026000000000000000000000000000000   230626000          00000000000000                                        0065                      000061
10215533447000101000002100001001105480000000000000000000156773000000000000000092370000000000000000000000000006220626001821300100000000000000009237220626000000009244808500111  000000000000000000000000000000000000000000000000000000000000000000000000000000000000009244800000000000000000000000000   230626000          00000000000000                                        0065                      000062
10215533447000101000002100001001105480000000000000000000156771000000000000000092290000000000000000000000000006220626001821200100000000000000009229220626000000004937803303963  000000000000000000000000000000000000000000000000000000000000000000000000000000000000004937800000000000000000000000000   230626000          00000000000000                                        0065                      000063
10215533447000101000002100001001105480000000000000000000157034000000000000000102510000000000000000000000000006220626001648000100000000000000010251260626000000025102800105384  000000000000000000000000000000000000000000000000000000000000000000000000000000000000025102800000000000000000000000000   230626000          00000000000000                                        0065                      000064
10215533447000101000002100001001105480000000000000000000157141000000000000000100140000000000000000000000000006220626000761600100000000000000010014200626000000004328734103720  000000000000000000000000000000000000000000000000000000000000000000000000000000000000004328700000000000000000000000000   230626000          00000000000000                                        0065                      000065
10215533447000101000002100001001105480000000000000000000157290000000000000000103670000000000000000000000000006220626000763100100000000000000010367210626000000003501008500111  000000000000000000000000000000000000000000000000000000000000000000000000000000000000003501000000000000000000000000000   230626000          00000000000000                                        0065                      000066
10215533447000101000002100001001105480000000000000000000157544000000000000000110100000000000000000000000000006220626000017361100000000000000011010220626000000027800008501033  000000000000000000000000000000000000000000000000000000000000000000000000000000000000027800000000000000000000000000000   230626000          00000000000000                                        0065                      000067
10215533447000101000002100001001105480000000000000000000157543000000000000000110290000000000000000000000000006220626000017361200000000000000011029220626000000036200008501033  000000000000000000000000000000000000000000000000000000000000000000000000000000000000036200000000000000000000000000000   230626000          00000000000000                                        0065                      000068
10215533447000101000002100001001105480000000000000000000157545000000000000000110450000000000000000000000000006220626000017360700000000000000011045220626000000022850042200067  000000000000000000000000000000000000000000000000000000000000000000000000000000000000022850000000000000000000000000000   230626000          00000000000000                                        0065                      000069
10215533447000101000002100001001105480000000000000000000155156000000000000000057970000000000000000000000000006220626000002117700000000000000005797220626000000025750008501033  000000000000000000000000000000000000000000000000000000000000000000000000000000000000025750000000000000000000000000000   230626000          00000000000000                                        0065                      000070
10215533447000101000002100001001105480000000000000000000155155000000000000000058000000000000000000000000000006220626000002117600000000000000005800220626000000020000008501033  000000000000000000000000000000000000000000000000000000000000000000000000000000000000020000000000000000000000000000000   230626000          00000000000000                                        0065                      000071
9201310          000000700000001766243800000000          0003300000625947000000983860400033000009838604000010000000000000000000000000000000001226000      0000000000000000000001000000766666                                                                                                                                                                              00000000000000000000000         000072
