01REMESSA01COBRANCA       00000000000000104721ALCANTARA                     310VORTX DTVM     220626        MX0000017                                                                                                                                                                                                                                                                                     000001
1                   00210000100104721000000000000000000065455831020100000012345674                        01  000000100324062600000000384720000000001N260326    0000000000013      0000000000000000000000000000000000000000239564828000108P T N LEIS                              RUA FAUSTINO PINHEIRO  210                          27410130017662280000104  M  MARIA INDUSTRIA E COMERCIO DE ROUPAS LTD000002
1                   00210000100104721000000000000000000065455831020100000012345674                        01  000000100324062600000000384720000000001N260326    0000000000013      0000000000000000000000000000000000000000239564828000108P T N LEIS                              RUA FAUSTINO PINHEIRO  210                          27410130017662280000104  M  MARIA INDUSTRIA E COMERCIO DE ROUPAS LTD000003
1                   00210000100104721000000000000000000065455831020100000012345674                        01  000000100324062600000000384720000000001N260326    0000000000013      0000000000000000000000000000000000000000239564828000108P T N LEIS                              RUA FAUSTINO PINHEIRO  210                          27410130017662280000104  M  MARIA INDUSTRIA E COMERCIO DE ROUPAS LTD000004
1                   00210000100104721000000000000000000065455831020100000012345674                        01  000000100324062600000000384720000000001N260326    0000000000013      0000000000000000000000000000000000000000239564828000108P T N LEIS                              RUA FAUSTINO PINHEIRO  210                          27410130017662280000104  M  MARIA INDUSTRIA E COMERCIO DE ROUPAS LTD000005
9                                                                                                                                                                                                                                                                                                                                                                                                         000006
