01REMESSA01COBRANCA       00000000000000104721ALCANTARA                     310VORTX          220626          0000017                                                                                                                                                                                                                                                                                     000001
102000000000000000000000000000010472100000000010              0000000000012345674      26032600000003847200000000001N220626000000000000000000000000000000000000000000000000000000000000000217662280000104MARIA INDUSTRIA E COMERCIO DE ROUPAS LTDRUA FAUSTINO PINHEIRO  210                             27410130VOLTA REDONDA  RJ01                                                                       000002
9                                                                                                                                                                                                                                                                                                                                                                                                         000003
